@Article{Chen01,
  author = "Yong-Sheng Chen and Yi-Ping Hung and Chiou-Shann Fuh",
  title  = "Fast Block Matching Algorithm Based on the Winner-Update Strategy",
  journal= "IEEE Transactions On Image Processing",
  pages  = "1212--1222",
  volume =   10,
  number =    8,
  year   = 2001,
}

@Book{Serra93,
  author    = "Jean Serra",
  title     = "Image Analysis and Mathematical Morphology",
  publisher = "Academic Press",
  volume    =  1,
  address   = "Oval Road, London, UK",
  edition   = "4th",
  year      =  1993,
}